
@Article{hycubePpam2009,
  author =       "A. Olszak",
  title =        "{HyCube: A DHT routing system based on a hierarchical hypercube geometry}",
  journal =      "Proceedings of the 8th International Conference On Parallel Processing and Applied Mathematics (PPAM 2009), Part II, LNCS 6068",
  year =         "2010",
  volume =       "",
  number =       "",
  pages =        "260-269",
  month =        "",
  note =         "DOI: 10.1007/978-3-642-14403-5\_28",
}


@techreport{hycubeICSReportFeb2013,
    Author = 		"A. Olszak",
    Title = 		"{HyCube: A distributed hash table based on a hierarchical hypercube geometry}",
    Institution = 	"Institute of Computer Science, Warsaw University of Technology",
    Year = 			"2013",
    Month = 		"February",
    Number = 		"2/2013",
    Type = 			"Research Report",
}





@Article{plaxton1,
  author =       "C.G. Plaxton and R. Rajaraman and A.W. Richa",
  title =        "{Accessing Nearby Copies of Replicated Objects in a Distributed Environment}",
  journal =      "Proceedings of the ninth annual ACM symposium on Parallel algorithms and architectures (SPAA'97)",
  publisher =    "ACM",
  year =         "1997",
  volume =       "",
  number =       "",
  pages =        "311-320",
  month =        "",
  note =         "DOI: 10.1145/258492.258523",
}


@Article{plaxton2,
  author =       "C.G. Plaxton and R. Rajaraman and A.W. Richa",
  title =        "{Accessing Nearby Copies of Replicated Objects in a Distributed Environment}",
  journal =      "Theory of Computing Systems",
  publisher =    "Springer-Verlag",
  year =         "1999",
  volume =       "",
  number =       "",
  pages =        "241-280",
  month =        "June",
  note =         "DOI: 10.1007/s002240000118",
}




@Article{pastry,
  author =       "A.I. Rowstron and P. Druschel",
  title =        "{Pastry: Scalable, decentralized object location and routing for large-scale peer-to-peer systems}",
  journal =      "Proc. of the 18th IFIP/ACM International Conference on Distributed Systems Platforms (Middleware 2001), LNCS 2218",
  publisher =    "Springer",
  year =         "2001",
  volume =       "",
  number =       "",
  pages =        "329-350",
  month =        "November",
  note =         "DOI: 10.1007/3-540-45518-3\_18",
}



@INPROCEEDINGS{nearNeighSearchMetrSpDim,
    author =		{Kenneth L. Clarkson},
    title =			{Nearest-Neighbor Searching and Metric Space Dimensions},
    booktitle =		{Nearest-Neighbor Methods for Learning and Vision: Theory and Practice},
    year =			{2006},
    publisher =		{MIT Press}
}




@Inbook{geomCutsMetrics,
  author =       "M. Deza and M. Laurent",
  title =        "{Geometry of Cuts and Metrics}",
  series =       "Algorithms and Combinatorics",
  publisher =    "Springer-Verlag",
  year =         "1997",
  volume =       "15",
  number =       "",
  note =         "ISBN 978-3-642-04295-9",
}



@Article{certDistSetsCorrDistOfFunc,
  author =       "E. Marczewski and H. Steinhaus",
  title =        "{On a certain distance of sets and the corresponding distance of functions}",
  journal =      "Colloquium Mathematicae",
  publisher =    "Institute of Mathematics Polish Academy of Sciences",
  year =         "1957",
  volume =       "6",
  number =       "1",
  pages =        "319-327",
  month =        "",
  note =         "ISSN 0010-1354",
}




@Article{freenet,
  author =       "I. Clarke and O. Sandberg and B. Wiley and T.W. Hong",
  title =        "{Freenet: A Distributed Anonymous Information Storage and Retrieval System}",
  journal =      "Designing Privacy Enhancing Technologies. Proceedings of the ICSI Workshop on Design Issues in Anonymity and Unobservability.",
  year =         "2000",
  volume =       "",
  number =       "",
  pages =        "46-66",
  month =        "",
  note =         "",
}



@Article{secrouting1,
  author =       "M. Castro and P. Druschel and A. Ganesh and A. Rowstron and D.S. Wallach",
  title =        "{Secure routing for structured peer-to-peer overlay networks}",
  journal =      "Proc. of the 5th Usenix Symposium on Operating Systems Design and Implementation (SIGOPS)",
  publisher =    "ACM",
  year =         "2002",
  volume =       "36",
  number =       "SI, Winter 2002",
  pages =        "299-314 ",
  month =        "December",
  note =         "DOI: 10.1145/844128.844156",
}


